@article{Zimlich,
  title={Trends in sinusitis},
  author={Rachael Zimlich, BSN},
  journal={Contemporary Pediatrics},
  volume={39},
  number={5},
  pages={22--23},
  year={2022},
  publisher={MultiMedia Healthcare Inc.}
}

@article{WHO,
  title={Study and overview of the novel corona virus disease (COVID-19)},
  author={Agarwal, Krishna Mohan and Mohapatra, Swati and Sharma, Prairit and Sharma, Shreya and Bhatia, Dinesh and Mishra, Animesh},
  journal={Sensors international},
  volume={1},
  pages={100037},
  year={2020},
  publisher={Elsevier}
}

@article{Kaggle,
    author = {Kaggle},
    title = {Lungs Disease Dataset },
    url = {https://www.kaggle.com/datasets/omkarmanohardalvi/lungs-disease-dataset-4-types}
}

@article{sultana2021using,
  title={Using software metrics for predicting vulnerable classes and methods in Java projects: A machine learning approach},
  author={Sultana, Kazi Zakia and Anu, Vaibhav and Chong, Tai-Yin},
  journal={Journal of Software: Evolution and Process},
  volume={33},
  number={3},
  pages={e2303},
  year={2021},
  publisher={Wiley Online Library}
}